@book{vishnoi,
   title =     {Algorithms for Convex Optimization},
   author =    {Nisheeth K. Vishnoi},
   publisher = {Cambridge University Press},
   isbn =      {9781108482028; 1108482023},
   year =      {2021},
   edition =   {1}
}
